
@online{PtolemaeusArabusLatinus,
  langid = {english},
  title = {Ptolemaeus {{Arabus}} et {{Latinus}}},
  url = {https://ptolemaeus.badw.de/start},
  urldate = {2019-04-10},
  keywords = {astronomie}
}

@online{vallerianiSphaeraModelingData2017,
  langid = {english},
  title = {De {{Sphaera}}: {{Modeling Data}} and {{Analyzing Diffusion Using Early Modern Cosmological Treatises}}},
  url = {https://www.mpiwg-berlin.mpg.de/project/sacrobosco-sphaera},
  journaltitle = {Max-Planck-Institut Für Wissenschaftsgeschichte},
  urldate = {2019-04-12},
  date = {2017},
  author = {Valleriani, Matteo and Kraütli, Florian and Wintergrün, Dirk},
  keywords = {astronomie}
}

@book{montelleChasingShadowsMathematics2011,
  langid = {english},
  title = {Chasing {{Shadows}}: {{Mathematics}}, {{Astronomy}}, and the {{Early History}} of {{Eclipse Reckoning}}},
  isbn = {978-0-8018-9910-2},
  shorttitle = {Chasing {{Shadows}}},
  publisher = {{Johns Hopkins University Press}},
  date = {2011},
  author = {Montelle, Clemency},
  file = {/Users/segolene/Zotero/storage/37WAE4WF/Montelle - 2011 - Chasing Shadows\: Mathematics, Astronomy, and the E.html},
  keywords = {astronomie}
}

@online{giesenHeliocentricGeocentricMotion,
  langid = {english},
  title = {Heliocentric and {{Geocentric Motion}}},
  url = {http://jgiesen.de/geocentric/index.html},
  journaltitle = {Physics and Astronomy},
  urldate = {2019-04-25},
  author = {Giesen, Jürgen},
  keywords = {astronomie}
}

@book{evansHistoirePratiqueAstronomie2016,
  langid = {french},
  title = {Histoire et pratique de l'astronomie ancienne},
  isbn = {978-2-251-42023-3},
  abstract = {Histoire et pratique de l'astronomie ancienne combine la science la plus exacte avec des pratiques d'observation très simples pour mettre le lecteur en contact direct...},
  pagetotal = {570 p.},
  date = {2016-03-14},
  author = {Evans, James},
  editora = {Lerner, Michel-Pierre and Luna, Concetta and Savoie, Denis},
  translator = {Segonds, Alain Philippe},
  editoratype = {collaborator},
  file = {/Users/segolene/Zotero/storage/4Q6EB5BQ/2016 - Histoire et pratique de l'astronomie ancienne - Ja.html},
  keywords = {astronomie}
}

@online{ShapingEuropeanScientific,
  langid = {english},
  title = {Shaping a {{European Scientific Scene}} : {{Alfonsine Astronomy}}},
  url = {https://alfa.hypotheses.org/},
  journaltitle = {ALFA},
  urldate = {2019-06-08},
  file = {/Users/segolene/Zotero/storage/KSZ488MN/alfa.hypotheses.org.html},
  keywords = {astronomie}
}

@article{poulleInstrumentsAstronomiquesOccident1972,
  langid = {french},
  title = {Les instruments astronomiques de l'Occident latin aux XIe et XIIe siècles},
  volume = {15},
  number = {57},
  journaltitle = {Cahiers de Civilisation Médiévale},
  date = {1972},
  pages = {27-40},
  author = {Poulle, Emmanuel},
  file = {/Users/segolene/Zotero/storage/YV67EDYM/ccmed_0007-9731_1972_num_15_57_2020.html},
  keywords = {astronomie}
}

@online{evansHistoryAstronomy,
  langid = {english},
  title = {History of Astronomy},
  url = {https://www.britannica.com/science/astronomy},
  abstract = {Astronomy - History of astronomy: Astronomy was the first natural science to reach a high level of sophistication and predictive ability, which it achieved already in the second half of the 1st millennium bce. The early quantitative success of astronomy, compared with other natural sciences such as physics, chemistry, biology, and meteorology (which were also cultivated in antiquity but which did not reach the same level of accomplishment), stems from several causes. First, the subject matter of early astronomy had the advantage of stability and simplicity—the Sun, the Moon, the planets, and the stars, moving in complex patterns, to be sure, but with great underlying},
  journaltitle = {Encyclopedia Britannica},
  urldate = {2019-06-17},
  author = {Evans, James and Wulf Friedlander, Michael},
  file = {/Users/segolene/Zotero/storage/BDZJV9H2/History-of-astronomy.html},
  keywords = {astronomie}
}

@book{selinAstronomyCulturesHistory2000,
  langid = {english},
  location = {{Dordrecht; Boston}},
  title = {Astronomy across Cultures: The History of Non-{{Western}} Astronomy},
  isbn = {978-0-7923-6363-7},
  shorttitle = {Astronomy across Cultures},
  publisher = {{Kluwer Academic Publishers}},
  date = {2000},
  author = {Selin, Helaine and Sun, Xiaochun and King, David A.},
  keywords = {astronomie}
}

@book{mercierStudiesTransmissionMedieval2004,
  langid = {english},
  location = {{Burlington, VT}},
  title = {Studies on the Transmission of Medieval Mathematical Astronomy},
  isbn = {978-0-86078-949-9},
  publisher = {{Ashgate Pub. Co.}},
  date = {2004},
  author = {Mercier, Raymond},
  keywords = {astronomie}
}

@article{hussonAstronomieAlphonsineDans2011,
  langid = {french},
  title = {L'astronomie alphonsine dans l'Expositio intentionis regis Alfonsii circa tabulas ejus de Jean de Murs},
  volume = {Tome 78},
  issn = {0373-5478},
  abstract = {Les nombreux renvois faits par Jean de Murs à Alphonse de Castille dans l’Expositio font apparaître que le corpus auquel il se réfère avait bien une existence matérielle. Celui-ci peut être distingué des astronomies alphonsines castillanes et latines, et n’exposait probablement pas, au moins sur certains points, une seule théorie astronomique cohérente mais plutôt une pluralité d’opinions.},
  number = {1},
  journaltitle = {Archives d'histoire doctrinale et litteraire du Moyen Age},
  date = {2011},
  pages = {229-245},
  author = {Husson, Matthieu},
  file = {/Users/segolene/Zotero/storage/HJWLPE6A/revue-archives-d-histoire-doctrinale-et-litteraire-du-moyen-age-2011-1-page-229.html},
  keywords = {astronomie}
}

@article{hussonHowWritingsEarly2016,
  langid = {english},
  title = {How Do {{Writings}} in the {{Early Astral Sciences Reveal Mathematical Practices}} and {{Practitioners}}?},
  volume = {58},
  issn = {1600-0498},
  number = {1-2},
  journaltitle = {Centaurus},
  date = {2016},
  pages = {1-5},
  author = {Husson, Matthieu and Kremer, Richard L.},
  file = {/Users/segolene/Zotero/storage/W55NZDA2/1600-0498.html},
  keywords = {astronomie}
}

@article{poullePositionsPlanetesAu1967a,
  langid = {french},
  title = {Les positions des planètes au Moyen Age : application du calcul électronique aux tables alphonsines},
  volume = {111},
  url = {https://www.persee.fr/doc/crai_0065-0536_1967_num_111_4_12173},
  shorttitle = {Les positions des planètes au Moyen Age},
  number = {4},
  journaltitle = {Comptes rendus des séances de l'Académie des Inscriptions et Belles-Lettres},
  urldate = {2019-06-27},
  date = {1967},
  pages = {531-548},
  author = {Poulle, Emmanuel and Gingerich, Owen},
  file = {/Users/segolene/Zotero/storage/AN2FDYUG/crai_0065-0536_1967_num_111_4_12173.html},
  keywords = {astronomie}
}

@online{bessouLumieresUniversHistoire,
  langid = {french},
  title = {Lumières sur l'Univers - Histoire de l'astronomie},
  url = {https://media4.obspm.fr/public/ressources_lu/pages_antiquite-moyen-age/ha-epicycles-excentriques.html},
  journaltitle = {Astrophysique sur Mesure - Observatoire de Paris},
  urldate = {2019-06-29},
  author = {Bessou, Gilles and Lamy, Jérôme},
  file = {/Users/segolene/Zotero/storage/ABS46SWL/ha-epicycles-excentriques.html},
  keywords = {astronomie}
}

@book{poulleAstronomesParisiensAu2005,
  langid = {french},
  location = {{Abbeville, France}},
  title = {Les astronomes parisiens au XIVe siècle et l'astronomie alphonsine},
  pagetotal = {54},
  publisher = {{F. Paillart}},
  date = {2005},
  keywords = {Astronomie -- France -- Histoire -- 13e siècle,Astronomie -- France -- Histoire -- 14e siècle},
  author = {Poulle, Emmanuel},
  file = {/Users/segolene/Zotero/storage/MKFJHSQS/SRCH.html},
  keywords = {astronomie}
}

@online{DISHASProjectAstronomical,
  langid = {english},
  title = {About {{DISHAS}} Project – {{Astronomical}} Tables in Database},
  url = {https://dishas.obspm.fr/about},
  journaltitle = {DISHAS},
  urldate = {2019-07-28},
  file = {/Users/segolene/Zotero/storage/R2UYFFT4/about.html},
  keywords = {astronomie}
}

@online{HistoryAstronomicalSciences,
  langid = {english},
  title = {History of {{Astronomical Sciences}} in {{India}}},
  url = {http://www.hamsi.org.nz/},
  abstract = {The History of Astronomical and Mathematical Sciences in India (HAMSI) Working Group is dedicated to fostering and disseminating research in the history of Indian exact sciences (including astronomy, mathematics, and related subjects), and integrating it into the history of mathematics in general.},
  type = {History of Astronomical Sciences in India},
  urldate = {2019-08-05},
  file = {/Users/segolene/Zotero/storage/NPK59TE7/www.hamsi.org.nz.html},
  keywords = {astronomie}
}

@book{monier-williamsSanskritEnglishDictionary1872,
  langid = {english},
  title = {A {{Sanskrit}}-{{English Dictionary}}},
  pagetotal = {1232},
  publisher = {{Clarendon}},
  date = {1872},
  author = {Monier-Williams, Monier},
  keywords = {astronomie}
}

@thesis{charmetantModelisationEncodageValorisation2018,
  langid = {french},
  title = {Modélisation, encodage et valorisation d'un manuscrit astronomique : l'exemple du Latin 7281},
  abstract = {Ce mémoire a été réalisé dans le cadre de ma deuxième année de Master « Technologies numériques appliquées à l’histoire » à l’École nationale des chartes. Il a été produit à la suite d’un stage professionnel d’un peu plus de quatre mois au sein de l’équipe de recherche du projet ALFA, à l’Observatoire de Paris. Durant cette expérience j’ai participé aux réflexions et aux travaux effectués sur un manuscrit astronomique du XVème siècle, en vue de sa visualisation sur l’interface du projet. Mêlant recherches historiques et compétences techniques, ce travail se définit avant tout comme une étude critique des enjeux et méthodes de description de manuscrit face au numérique, à travers l’exemple d’un codex bien spécifique.},
  pagetotal = {128},
  institution = {{École nationale des chartes}},
  date = {2018},
  author = {Charmetant, Églantine},
  keywords = {astronomie}
}

@online{MondeSpheresa,
  title = {Le Monde En Sphères},
  url = {http://expositions.bnf.fr/monde-en-spheres/index.html},
  journaltitle = {Expositions numériques – BnF},
  urldate = {2019-08-16},
  keywords = {astronomie}
}


