
@incollection{meeksVisualizingDatabases2011,
  langid = {american},
  title = {Visualizing {{Databases}}},
  url = {https://dhs.stanford.edu/spatial-humanities/visualizing-databases/},
  booktitle = {Digital Humanities Specialist},
  urldate = {2019-04-29},
  date = {2011-01-28},
  author = {Meeks, Elijah},
  file = {/Users/segolene/Zotero/storage/FVGPEF8I/Meeks - Visualizing Databases  Digital Humanities Special.html},
  keywords = {dataviz}
}

@book{fryVisualizingData2008,
  langid = {english},
  location = {{Sebastopol, California}},
  title = {Visualizing Data},
  isbn = {978-0-596-51455-6},
  abstract = {Provides information on the methods of visualizing data on the Web, along with example projects and code},
  pagetotal = {366},
  publisher = {{O'Reilly Media}},
  edition = {{O'Reilly Media}},
  date = {2008},
  author = {Fry, Ben},
  keywords = {dataviz}
}

@book{grolemundDataScience,
  langid = {english},
  title = {R for {{Data Science}}},
  url = {https://r4ds.had.co.nz/},
  abstract = {This book will teach you how to do data science with R: You’ll learn how to get your data into R, get it into the most useful structure, transform it, visualise it and model it. In this book, you will find a practicum of skills for data science. Just as a chemist learns how to clean test tubes and stock a lab, you’ll learn how to clean data and draw plots—and many other things besides. These are the skills that allow data science to happen, and here you will find the best practices for doing each of these things with R. You’ll learn how to use the grammar of graphics, literate programming, and reproducible research to save time. You’ll also learn how to manage cognitive resources to facilitate discoveries when wrangling, visualising, and exploring data.},
  urldate = {2019-08-26},
  date = {2017},
  location = {Sebastopol, California},
  publisher = {{O'Reilly Media}},
  edition = {{O'Reilly Media}},
  author = {Grolemund, Garrett and Wickham, Hadley},
  file = {/Users/segolene/Zotero/storage/9FE6LCHC/r4ds.had.co.nz.html},
  keywords = {dataviz}
}

@book{yauVisualizeThisFlowingData2011,
  langid = {english},
  location = {{Indianapolis, Ind}},
  title = {Visualize This: The {{FlowingData}} Guide to Design, Visualization, and Statistics},
  isbn = {978-0-470-94488-2 978-1-118-14024-6 978-1-118-14026-0 978-1-118-14025-3},
  shorttitle = {Visualize This},
  pagetotal = {358},
  publisher = {{Wiley Pub}},
  edition = {{Wiley Publisher}},
  date = {2011},
  author = {Yau, Nathan},
  keywords = {dataviz}
}

@incollection{ResearchDataVisualization,
  title = {Research – {{Data Visualization}}},
  url = {https://dh.fbk.eu/research},
  shorttitle = {Research | {{Data Visualization}}},
  booktitle = {Digital Humanities},
  urldate = {2019-08-16},
  file = {/Users/segolene/Zotero/storage/ITCEVNJ5/research.html},
  keywords = {dataviz}
}

@incollection{LetViewersChange2018,
  langid = {english},
  title = {Let {{Viewers Change Chart Type}}},
  url = {https://www.amcharts.com/dataviz-tip-30-let-viewers-change-chart-type/},
  shorttitle = {{{DataViz Tip}} \#30},
  abstract = {When building an infographic you know exactly what your data looks like and can make an editorial decision on the best way to present it. For web applications, on the other hand, the shape and form of live data coming from some data source are not always known upfront. So, whatever you imagine about the …},
  booktitle = {Blog amCharts},
  urldate = {2019-08-16},
  date = {2018-06-27T06:42:04+00:00},
  file = {/Users/segolene/Zotero/storage/KN9TUTY4/dataviz-tip-30-let-viewers-change-chart-type.html},
  keywords = {dataviz}
}

@incollection{popovaHowMapTime2012,
  langid = {english},
  title = {How to {{Map Time}}: {{A Visual History}} of the {{Timeline}}},
  url = {https://www.theatlantic.com/entertainment/archive/2012/02/how-to-map-time-a-visual-history-of-the-timeline/252825/},
  shorttitle = {How to {{Map Time}}},
  abstract = {A journey through man's attempts at visualizing time itself},
  booktitle = {The Atlantic},
  urldate = {2019-08-18},
  date = {2012-02-09T12:25:09-05:00},
  author = {Popova, Maria},
  file = {/Users/segolene/Zotero/storage/CC4KIEP5/252825.html},
  keywords = {dataviz}
}

@incollection{TimemapWorldHistory,
  langid = {american},
  title = {The {{Timemap}} of {{World History}}: The Online Atlas and Encyclopedia},
  url = {https://www.timemaps.com/},
  shorttitle = {The {{Timemap}} of {{World History}}},
  abstract = {The Timemap of World history: online atlas and encyclopedia with maps, timelines, articles, history teaching resources on all the world's history},
  booktitle = {TimeMaps},
  urldate = {2019-08-18},
  file = {/Users/segolene/Zotero/storage/MKKKIJAQ/www.timemaps.com.html},
  keywords = {dataviz}
}

@incollection{WorldHistoryMaps,
  title = {World {{History Maps}} \& {{Timelines}}},
  booktitle = {GeaCron},
  url = {http://geacron.com/home-en/},
  urldate = {2019-08-19},
  file = {/Users/segolene/Zotero/storage/CKTLGRDS/home-en.html},
  keywords = {dataviz}
}

@incollection{CartesMuseeNational,
  title = {Cartes},
  booktitle = {{{Musée}} National de l'histoire de l'immigration},
  url = {http://www.histoire-immigration.fr/questions-contemporaines/cartes},
  urldate = {2019-08-19},
  file = {/Users/segolene/Zotero/storage/T4J99I5F/cartes.html},
  keywords = {dataviz}
}

@online{comePortfolioEtienneCome,
  title = {Portfolio | {{Étienne Côme}}},
  url = {https://www.comeetie.fr/#portfolio},
  journaltitle = {Étienne Côme},
  urldate = {2019-08-18},
  author = {Côme, Etienne},
  keywords = {dataviz}
}

@article{plantinAvenementCarteComme2014,
  langid = {french},
  title = {L’avènement de la carte comme médiation. Généalogie des rencontres entre cartographie et théories de l’information},
  issn = {1633-5961},
  url = {http://journals.openedition.org/questionsdecommunication/9050},
  abstract = {L’article rend compte des étapes de la reconnaissance de la carte comme médiation. En effet, pendant longtemps, l’effort d’amélioration de la carte s’est porté uniquement sur la technique de représentation spatiale ; il faut attendre les cartes thématiques du xixe siècle pour qu’émerge une réflexion sur les modalités de communication du message à travers cet objet. L’approche de la carte comme une médiation est approfondie par plusieurs géographes au lendemain de la Seconde Guerre mondiale, dont Jacques Bertin à travers sa Sémiologie graphique (1967). Ensuite, la rencontre entre théorie de l’information et cartographie atteint son apogée avec l’application du modèle télégraphique de Claude Shannon à la carte à travers le map communication model. Après avoir été dominant pendant plusieurs années, le déclin de ce modèle dans les années 90 suscite le renouvellement des réflexions sur la carte comme médiation, entre approche critique, d’une part, et approche scientifique de la cartographie, d’autre part. Au sein de ces approches, les sciences de l’information et de la communication possèdent un ensemble de ressources pour développer ces multiples pistes de recherche.},
  journaltitle = {Questions de communication nº25},
  urldate = {2019-08-22},
  date = {2014-08-31},
  pages = {309-326},
  author = {Plantin, Jean-Christophe},
  file = {/Users/segolene/Zotero/storage/JE9MK89D/Plantin - 2014 - L’avènement de la carte comme médiation. Généalogi.pdf;/Users/segolene/Zotero/storage/WVVNCRJX/9050.html},
  keywords = {dataviz}
}

@online{WappalyzerJavaScriptGraphics,
  title = {Wappalyzer - {{JavaScript Graphics}}},
  url = {https://www.wappalyzer.com/categories/javascript-graphics},
  urldate = {2019-08-26},
  file = {/Users/segolene/Zotero/storage/SXQ2DMJR/javascript-graphics.html},
  keywords = {dataviz}
}

@incollection{AdamsSynchronologicalChart,
  title = {Adams' {{Synchronological Chart}}},
  url = {https://www.davidrumsey.com/luna/servlet/detail/RUMSEY~8~1~226099~5505934:Composite--Adams--Synchronological-},
  booktitle = {David Rumsey Historical Map Collection},
  urldate = {2019-08-28},
  file = {/Users/segolene/Zotero/storage/DG364UMU/RUMSEY~8~1~226099~5505934Composite--Adams--Synchronological-.html},
  keywords = {dataviz}
}


