
@book{dacosEtatLieuxPositionnement2013,
  langid = {french},
  location = {{Paris}},
  title = {État des lieux et positionnement de la recherche française dans le contexte international},
  isbn = {978-2-221-13835-9 978-2-35476-108-0},
  abstract = {Humanités numériques},
  pagetotal = {89},
  publisher = {{Laffont}},
  date = {2013},
  author = {Dacos, Marin and Mounier, Pierre},
  file = {/Users/segolene/Zotero/storage/XSN5CJ4Y/Foucher et Allard - 2013 - Atlas de l'influence Française au XXIe siècle.pdf},
  keywords = {numerique}
}

@book{hoolandIntroductionAuxHumanites2016,
  langid = {french},
  location = {{Louvain-la-Neuve}},
  title = {Introduction aux humanités numériques: méthodes et pratiques: sciences humaines et sociales},
  isbn = {978-2-8073-0215-0},
  shorttitle = {Introduction aux humanités numériques},
  abstract = {"Démystifiez les humanités numériques au travers d'une introduction conceptuelle et technique. Pour maîtriser les méthodes et outils permettant de publier et de valoriser ses travaux de recherche en ligne."--Site Web de l'éditeur},
  pagetotal = {207},
  series = {Méthodes en sciences humaines},
  publisher = {{De Boeck supérieur}},
  date = {2016},
  author = {van Hooland, Seth and Gillet-Goinard, Florence and Hengchen, Simon and De Wilde, Max and Eberle-Sinatra, Michael},
  keywords = {numerique}
}

@article{barcenillaAcceptabiliteNouvellesTechnologies2009,
  langid = {french},
  title = {L'acceptabilité des nouvelles technologies~: quelles relations avec l'ergonomie, l'utilisabilité et l'expérience utilisateur~?},
  volume = {72},
  journaltitle = {Presses Universitaires de France},
  series = {Le travail humain},
  date = {2009},
  pages = {p. 311-331},
  author = {Barcenilla, Javier and Maurice Christian Bastien, Joseph},
  file = {/Users/segolene/Zotero/storage/FYA6RC9D/article.html},
  keywords = {numerique}
}

@online{sealeBeginnerGuideDigital2016,
  langid = {british},
  title = {A {{Beginner}}’s {{Guide}} to {{Digital Palaeography}} of {{Medieval Manuscripts}}},
  url = {https://yvonneseale.org/blog/2016/03/26/dh-palaeography/},
  abstract = {Palaeography is the study of historical handwriting; reading archaic hands is a highly necessary skill for historians, but one that takes a lot of practice to acquire. Digital tools can help make it easier for a budding medievalist to get to grips with sources in the original, both in terms of transcription and of translation. They can also help more established scholars to push discussion of manuscripts in new directions, by allowing for the easier comparison of a whole corpus of digitised manuscripts, their letter forms, and internal structures.},
  journaltitle = {Yvonne Seale},
  urldate = {2019-06-08},
  date = {2016-03-26T15:22:27+00:00},
  author = {Seale, Yvonne},
  file = {/Users/segolene/Zotero/storage/FCEMY3CH/dh-palaeography.html},
  keywords = {numerique}
}

@article{zysbergImpactInformatiqueRecherche1987,
  langid = {french},
  title = {Impact de l'informatique sur la recherche historique},
  volume = {10},
  number = {1},
  journaltitle = {Matériaux pour l'histoire de notre temps},
  date = {1987},
  pages = {35-37},
  author = {Zysberg, André},
  file = {/Users/segolene/Zotero/storage/EPW7L8DW/mat_0769-3206_1987_num_10_1_401466.html},
  keywords = {numerique}
}

@article{genetHistoireInformatiqueMesure1986,
  langid = {french},
  title = {Histoire, Informatique, Mesure},
  volume = {1},
  abstract = {Au bout de trente d'ans d'expérience, il faut s'interroger sur les effets du développement du recours à l'informatique dans les disciplines historiques. L'ordinateur oblige à poser d'abord la question des données : ; traitées comme des informations formant un système clos, elles doivent être construites avec soin, organisées consciemment en une métasource grâce à une théorie initiale. Dès lors, l'introduction de la mesure est possible, que les données brutes soient quantitatives ou qualitatives. Mais elle implique la connaissance des méthodes statistiques et mathématiques, sinon la compréhension des théories mathématiques sous-jacentes, ainsi qu'un indispensable travail de théorie proprement historique. Il semble donc nécessaire et urgent d'ouvrir un forum de débats entre historiens d'une part, entre historiens et scientifiques de l'autre.},
  number = {1},
  journaltitle = {Histoire \& Mesure},
  date = {1986},
  pages = {7-18},
  author = {Genet, Jean-Philippe},
  file = {/Users/segolene/Zotero/storage/DW93PBTE/hism_0982-1783_1986_num_1_1_904.html},
  keywords = {numerique}
}

@article{leimgruberInformatiqueAtelleTransforme2003,
  langid = {french},
  title = {L’informatique a-t-elle transformé les pratiques des historien·ne·s ?},
  url = {https://www.unil.ch/files/live/sites/hist/files/shared/histoirepratique/enpratique_outilsinfos.pdf},
  series = {Histoire en pratique(s) UNIL},
  date = {2003},
  author = {Leimgruber, Matthieu},
  keywords = {numerique}
}

@online{fluelerDigitalManuscriptsCritical2015,
  langid = {english},
  title = {Digital {{Manuscripts}} as {{Critical Edition}}},
  url = {https://schoenberginstitute.org/2015/06/30/digital-manuscripts-as-critical-edition/},
  abstract = {The following post is the written version of a presentation that~Christoph Flüeler, Director of e-codices and Professor at the University of Fribourg, presented at the 50th International Congress o…},
  type = {The Schoenberg Institute for Manuscript Studies},
  urldate = {2019-06-08},
  date = {2015-06-30T18:55:49+00:00},
  author = {Flüeler, Christoph},
  file = {/Users/segolene/Zotero/storage/PNFBBIJ8/digital-manuscripts-as-critical-edition.html},
  keywords = {numerique}
}

@online{TextualEADHEuropean,
  langid = {english},
  title = {Textual | {{EADH}} - {{The European Association}} for {{Digital Humanities}}},
  url = {http://eadh.org/textual},
  urldate = {2019-06-08},
  file = {/Users/segolene/Zotero/storage/B97FHWXX/textual.html},
  keywords = {numerique}
}

@article{valenceHistorienChiffres2008,
  langid = {french},
  title = {L'historien et les chiffres},
  url = {http://www.laviedesidees.fr/L-historien-et-les-chiffres.html},
  abstract = {Après les polémiques entre historiens et durkheimiens au début du XXe siècle, après les grandes années de l'histoire « économique et sociale », après le « retour au récit » dans les années 1980, le temps est venu de réconcilier les historiens avec les méthodes quantitatives. Un manuel vient opportunément faire la mise au point. Recensé : Claire Lemercier, Claire Zalc, Méthodes quantitatives pour l'historien, Paris, La Découverte, coll. « Repères », 2008. Le problème de la quantification pourrait désormais être (...)},
  journaltitle = {La Vie des idées},
  urldate = {2019-06-08},
  date = {2008-03-13},
  author = {Valence, David},
  file = {/Users/segolene/Zotero/storage/SIGU6YIQ/L-historien-et-les-chiffres.html},
  keywords = {numerique}
}

@book{simanowskiDigitalHumanitiesDigital2016,
  langid = {english},
  title = {Digital {{Humanities}} and {{Digital Media}}: {{Conversations}} on {{Politics}}, {{Culture}}, {{Aesthetics}} and {{Literacy}}},
  isbn = {978-1-78542-030-6},
  shorttitle = {Digital {{Humanities}} and {{Digital Media}}},
  abstract = {Digital and networked media are now very much the established media. They still hold the promise of a new world, but sometimes this new world looks as much like a complex form of neofeudalism as a celebration of a new communality. In such a situation the question of what ‘media’ or ‘communications’ are has become strange to us. It demands new ways of thinking about fundamental conceptions and ecologies of practice. This calls for something that traditional media disciplines, even ‘new media’ disciplines, cannot always provide. The Fibreculture book series explores this contemporary state of things and asks what comes next.},
  pagetotal = {309},
  series = {Fibreculture {{Books}}},
  publisher = {{Open Humanities Press}},
  date = {2016},
  author = {Simanowski, Roberto},
  file = {/Users/segolene/Zotero/storage/SE8JFLL3/2016 - Digital Humanities and Digital Media Conversation.pdf},
  keywords = {numerique}
}

@report{wilmsEuropeDigitalHumanities2019,
  langid = {english},
  title = {Europe's {{Digital Humanities Landscape}}: {{A Study From LIBER}}'s {{Digital Humanities}} \& {{Digital Cultural Heritage Working Group}}},
  url = {https://zenodo.org/record/3247286#.XR55YpMzbOQ},
  shorttitle = {Europe's {{Digital Humanities Landscape}}},
  abstract = {This report is based on a Europe-wide survey run by LIBER's Digital Humanities \& Digital Cultural Heritage Working Group. The survey focused on digital collections and the activities libraries undertake around them. It covered the following topics and themes: Awareness Collections Funding Future Work Impact Organisation of DH in library Partnerships Services/support Staffing/skills Spaces (physical and digital) These themes were based on input from participants at the Digital Humanities and Digital Cultural Heritage workshop at LIBER’s 2018 Annual Conference (Lille, France; 4-6 July). ~From their suggestions, topics were selected and cross-checked with other similar surveys, to ensure all areas were covered.~ The final survey consisted of 83 questions and was open for responses between 1 February and 15 March 2019. Please share your thoughts on Twitter using \#LIBERDH.},
  institution = {{Zenodo}},
  urldate = {2019-07-05},
  date = {2019-06-17},
  author = {Wilms, Lotte and Derven, Caleb and O'Dwyer, Liam and Lingstadt, Kirsty and Verbeke, Demmy},
  file = {/Users/segolene/Zotero/storage/96B7NFCT/Wilms et al. - 2019 - Europe's Digital Humanities Landscape A Study Fro.pdf},
  keywords = {numerique}
}

@article{rennevilleHumaNumNouvelleTres2013,
  langid = {french},
  title = {Huma-Num. La nouvelle très grande infrastructure de recherche pour les humanités numériques},
  url = {/ressources/la-tribune-huma-num-InSHS-25},
  abstract = {Au sommaire de la Tribune Huma-Num - Lettre de l'InSHS - Septembre 2013Huma-Num. La nouvelle très grande infrastructure de recherche pour les humanités numériques. Marc Renneville, Directeur / Stéphane Pouyllau, Directeur adjoint techniquePrévue par la feuille de route de la Stratégie Nationale des Infrastructures de Recherche 2012-2020, la TGIR Huma-Num vise à faciliter la transition num},
  journaltitle = {Lettre de l'InSHS},
  urldate = {2019-07-22},
  date = {2013-09},
  author = {Renneville, Marc and Pouyllau, Stéphane},
  file = {/Users/segolene/Zotero/storage/9ELHHSP3/la-tribune-huma-num-InSHS-25.html},
  keywords = {numerique}
}

@incollection{sinatraChapitreHistoireHumanites2014,
  location = {{Montréal}},
  title = {Chapitre 3. {{Histoire}} Des Humanités Numériques},
  isbn = {978-2-8218-5072-9},
  url = {http://books.openedition.org/pum/317},
  booktitle = {Pratiques de l’édition Numérique},
  series = {Parcours Numérique},
  publisher = {{Presses de l’Université de Montréal}},
  urldate = {2019-08-04},
  date = {2014-09-26},
  pages = {49-60},
  keywords = {crise de l'édition,édition numérique,humanités numériques,livre numérique,modèle économique,numérisation,web sémantique},
  author = {Sinatra, Michaël E. and Vitali-Rosati, Marcello},
  editor = {Sinatra, Michael E.},
  keywords = {numerique}
}

@article{rygielOrdinateurReseauEcriture2006,
  langid = {french},
  title = {L'ordinateur, le réseau et l'écriture de l'histoire},
  volume = {N° 82},
  issn = {0769-3206},
  url = {https://www.cairn.info/revue-materiaux-pour-l-histoire-de-notre-temps-2006-2-page-75.htm},
  abstract = {Les historiens sont familiaris\&\#233;s avec l\&\#8217;ordinateur et Internet depuis au moins une dizaine d\&\#8217;ann\&\#233;es. Pour certains d\&\#8217;entre eux, ceci a certainement chang\&\#233; ou changera la fa\&\#231;on d\&\#8217;\&\#233;crire l\&\#8217;histoire. Mais en nous appuyant sur des sources existantes, notamment les sites Web d\&\#8217;histoire en France et en Italie, nous faisons le constat du manque de preuves empiriques permettant de dire que l\&\#8217;existence de sources \&\#233;lectroniques a d\&\#233;j\&\#224; affect\&\#233; la fa\&\#231;on d\&\#8217;\&\#233;crire l'histoire. étant donné l'évolution rapide des technologies, mais aussi parce que les règles appliquées à l'écriture de l'histoire, rarement étudiées, sont le fruit d'une organisation sociale complexe et d'institutions puissantes dont le changement supposerait des transformations sociales, culturelles et économiques, nous pouvons conclure que les seules considérations techniques sont insuffisantes.},
  number = {2},
  journaltitle = {Materiaux pour l'histoire de notre temps},
  urldate = {2019-08-04},
  date = {2006},
  pages = {75-79},
  author = {Rygiel, Philippe},
  file = {/Users/segolene/Zotero/storage/IA5K5447/Rygiel - 2006 - L'ordinateur, le réseau et l'écriture de l'histoir.pdf;/Users/segolene/Zotero/storage/VRCXBF35/revue-materiaux-pour-l-histoire-de-notre-temps-2006-2-page-75.html},
  keywords = {numerique}
}

@book{fargeGoutArchive1997,
  langid = {french},
  location = {{Paris}},
  title = {Le goût de l'archive},
  isbn = {978-2-02-030909-7},
  pagetotal = {152},
  number = {233},
  series = {Points Histoire},
  publisher = {{Éd. du Seuil}},
  date = {1997},
  author = {Farge, Arlette},
  keywords = {numerique}
}

@article{potinInstitutionsPratiquesArchives2011,
  langid = {french},
  title = {Institutions et pratiques d'archives face à la « numérisation ». Expériences et malentendus},
  volume = {n° 58-4bis},
  issn = {0048-8003},
  url = {https://www.cairn.info/revue-d-histoire-moderne-et-contemporaine-2011-5-page-57.htm},
  number = {5},
  journaltitle = {Revue d'histoire moderne contemporaine},
  urldate = {2019-08-04},
  date = {2011},
  pages = {57-69},
  author = {Potin, Yann},
  file = {/Users/segolene/Zotero/storage/85D677LP/Potin - 2011 - Institutions et pratiques d'archives face à la « n.pdf;/Users/segolene/Zotero/storage/4KYAG3H2/revue-d-histoire-moderne-et-contemporaine-2011-5-page-57.html},
  keywords = {numerique}
}

@article{oberhauserCollaborationsEquivoques2016,
  langid = {french},
  title = {Des collaborations équivoques},
  volume = {Vol. 10, n° 4},
  url = {https://www.cairn.info/revue-anthropologie-des-connaissances-2016-4-page-557.htm},
  abstract = {Lorsqu’ils s’investissent dans des projets de recherche impliquant la mise en place d’une infrastructure numérique dédiée, les chercheurs en sciences humaines et sociales (SHS) sont amenés à collaborer avec des spécialistes des sciences et techniques informatiques (STI). Ces collaborations constituent un aspect important des transformations qu’impliquent les humanités numériques pour la recherche en SHS. Cet article en identifie certaines caractéristiques à partir d’un travail de terrain ethnographique auprès d’une équipe de recherche en psychologie du développement rattachée à un laboratoire d’humanités numériques. Nous décrivons dans un premier temps la vigilance qu’impliquent ces collaborations pour les chercheurs, qui sont régulièrement amenés à s’interroger sur la qualité des contributions des spécialistes en STI avec lesquels ils collaborent et sur leur adéquation aux objectifs poursuivis par le projet. Dans un second temps, nous revenons sur les efforts de planification déployés par les chercheurs pour assurer le bon déroulement du projet. Nous montrons comment ces efforts s’appuient de manière prépondérante sur les informations transmises par les spécialistes en STI et cherchons à éclairer les conséquences de cette dépendance épistémique. Le matériau analysé consiste en des entretiens semi-directifs avec les membres de l’équipe, des observations ethnographiques de situations de travail et des enregistrements vidéo de réunions rassemblant les différents participants au projet.},
  number = {4},
  journaltitle = {Revue d'anthropologie des connaissances},
  urldate = {2019-08-04},
  date = {2016-12-23},
  pages = {557-586},
  keywords = {numerique},
  author = {Oberhauser, Pierre-Nicolas},
  file = {/Users/segolene/Zotero/storage/FWM8KJJU/Oberhauser - 2016 - Des collaborations équivoques.pdf;/Users/segolene/Zotero/storage/D57XGTUU/revue-anthropologie-des-connaissances-2016-4-page-557.html},
  keywords = {numerique}
}

@article{millerandScienceReseau2012,
  langid = {french},
  title = {La science en réseau},
  volume = {Vol. 6, n° 1},
  url = {https://www.cairn.info/revue-anthropologie-des-connaissances-2012-1-page-163.htm},
  abstract = {Les développements technologiques contemporains en matière d’infrastructures numériques permettent d’observer de nouvelles formes de travail, voire de nouvelles catégories de travailleurs, dans les milieux scientifiques. Basé sur une étude ethnographique d’un réseau américain de chercheurs en écologie, cet article s’attache au travail des gestionnaires d’information (information managers), « techniciens invisibles » responsables de la gestion des données scientifiques au sein des laboratoires. Il montre comment le développement d’un projet de très grande base de données s’accompagne de processus de mise en visibilité et invisibilité des gestionnaires d’information et de leur travail, et discute des enjeux de la mise en invisibilité des activités de documentation des données en particulier, sur les processus de production des connaissances scientifiques. L’invisibilité des gestionnaires d’information apparaît reliée à un aspect fondamental de leur travail, en l’occurrence un « travail d’articulation » caractérisé par des activités de bricolage, de traduction et d’effacement. Le travail des petites mains de la gestion et de la documentation des données dans les sciences est sans cesse à refaire et à réinventer.},
  number = {1},
  journaltitle = {Revue d'anthropologie des connaissances},
  urldate = {2019-08-04},
  date = {2012-04-25},
  pages = {163-190},
  author = {Millerand, Florence},
  file = {/Users/segolene/Zotero/storage/JT532DCU/Millerand - 2012 - La science en réseau.pdf;/Users/segolene/Zotero/storage/CP5H2FDH/revue-anthropologie-des-connaissances-2012-1-page-163.html},
  keywords = {numerique}
}

@incollection{clavertHistorienProgrammeur2012,
  langid = {french},
  location = {{Paris}},
  title = {L’historien programmeur~?},
  isbn = {978-2-7351-1527-3},
  url = {http://books.openedition.org/editionsmsh/305},
  shorttitle = {L’historien programmeur~?},
  abstract = {À partir du projet de site internet et de livre qui sont devenus collaboratifs pour la préparation d’une deuxième édition - et sur la base d’exemples concrets, cet atelier se propose de discuter de l’intérêt, pour des chercheurs en sciences humaines et sociales, d’apprendre les bases de la programmation.},
  booktitle = {THATCamp Paris 2012 : Non-actes de la non-conférence des humanités numériques},
  series = {La Non-Collection},
  publisher = {{Éditions de la Maison des sciences de l’homme}},
  urldate = {2019-08-04},
  date = {2012-10-01},
  keywords = {édition numérique,archivage,archives ouvertes,histoire,livre collaboratif,numérique,programmation,réseaux sociaux,sciences humaines},
  author = {Clavert, Frédéric and Heimburger, Franziska and Berra, Aurélien},
  keywords = {numerique}
}

@article{heimburgerHasHistorianCraft2012,
  langid = {english},
  title = {Has the {{Historian}}’s Craft Gone Digital? {{Some}} Observations from {{France}}},
  issn = {2038-0925},
  url = {http://journals.openedition.org/diacronie/2795},
  shorttitle = {Has the {{Historian}}’s Craft Gone Digital?},
  issue = {N° 10, 2},
  journaltitle = {Diacronie. Studi di Storia Contemporanea},
  urldate = {2019-08-04},
  date = {2012-06-29},
  author = {Heimburger, Franziska and Ruiz, Émilien},
  file = {/Users/segolene/Zotero/storage/Q63S8U99/Heimburger et Ruiz - 2012 - Has the Historian’s craft gone digital Some obser.pdf;/Users/segolene/Zotero/storage/7W8ADC7D/2795.html},
  keywords = {numerique}
}

@article{bertrandHistorienMedievistePratique2007,
  langid = {french},
  title = {L'historien médiéviste et la pratique des textes : les enjeux du tournant numérique},
  volume = {38},
  url = {https://www.persee.fr/doc/shmes_1261-9078_2008_act_38_1_1958},
  doi = {10.3406/shmes.2007.1958},
  shorttitle = {L'historien médiéviste et la pratique des textes},
  number = {1},
  journaltitle = {Actes des congrès de la Société des historiens médiévistes de l'enseignement supérieur public},
  urldate = {2019-08-04},
  date = {2007},
  pages = {273-301},
  author = {Bertrand, Paul and Mairey, Aude and Guyotjeannin, Olivier and Guerreau-Jalabert, Anita and Eddé, Anne-Marie and Burghart, Marjorie},
  file = {/Users/segolene/Zotero/storage/JFRHGKTQ/shmes_1261-9078_2008_act_38_1_1958.html},
  keywords = {numerique}
}

@online{cavalieExperimenterHumanitesNumeriques2018,
  title = {Expérimenter Les Humanités Numériques : {{Des}} Outils Individuels Aux Projets Collectifs},
  url = {https://www.deslibris.ca/ID/479645},
  journaltitle = {DesLibris},
  urldate = {2019-08-04},
  date = {2018},
  author = {Cavalié, Étienne and Clavert, Frédéric and Legendre, Olivier},
  file = {/Users/segolene/Zotero/storage/DYSHY7UJ/479645.html},
  keywords = {numerique}
}

@online{NAKALAParHumaNuma,
  langid = {french},
  title = {NAKALA par Huma-Num},
  url = {https://www.nakala.fr/},
  abstract = {Un service mis en place par Huma-Num
pour déposer, documenter et diffuser les données de la recherche.},
  urldate = {2019-08-05},
  file = {/Users/segolene/Zotero/storage/DFAIJRBQ/www.nakala.fr.html},
  keywords = {numerique}
}

@online{bertrRevolutionSouterraineDigital2012,
  langid = {french},
  title = {La révolution souterraine des Digital Humanities. (1) Pour une refondation de la critique des sources.},
  url = {https://medievizmesblog.wordpress.com/2012/12/08/573/},
  abstract = {L'apport des digital humanities aux disciplines de sciences humaines est encore largement sous-estimé. Envisagées comme outil, les technologies du numérique sont souvent envisagées avant tout …},
  journaltitle = {MDVZ 3},
  urldate = {2019-08-05},
  date = {2012-12-08T00:20:04+00:00},
  author = {Bertrand, Paul},
  file = {/Users/segolene/Zotero/storage/TPXQAYZ8/573.html},
  keywords = {numerique}
}

@online{MiradorHome,
  langid = {english},
  title = {Mirador — {{Home}}},
  url = {https://projectmirador.org/},
  abstract = {Mirador is a configurable, extensible, and easy-to-integrate image viewer, which enables image annotation and comparison of images from repositories dispersed around the world. Mirador has been optimized to display resources from repositories that support the International Image Interoperability Framework (IIIF) API's. It provides a tiling windowed environment for comparing multiple image-based resources, synchronized structural and visual navigation of content using OpenSeadragon, Open Annotation compliant annotation creation and viewing on deep-zoomable canvases, metadata display, book reading, bookmarking and more.},
  urldate = {2019-08-06},
  file = {/Users/segolene/Zotero/storage/ZUHSFNEK/projectmirador.org.html},
  keywords = {numerique}
}

@online{PlanGestionDonnees2019,
  langid = {french},
  title = {Plan de gestion de données – Recommandations à l’ANR},
  url = {https://www.ouvrirlascience.fr/plan-de-gestion-de-donnees-recommandations-a-lanr},
  abstract = {Ouvrir la Science},
  type = {Ouvrir La Science / Collège Données},
  urldate = {2019-08-06},
  date = {2019},
  file = {/Users/segolene/Zotero/storage/C7CZIEDN/plan-de-gestion-de-donnees-recommandations-a-lanr.html},
  keywords = {numerique}
}

@article{massotDessinerActeursHumanites2018,
  langid = {french},
  title = {Dessiner	les acteurs en humanités numériques},
  url = {https://hal.archives-ouvertes.fr/hal-01794185},
  abstract = {Le numérique, environnement technologique des ordinateurs et du réseau, a transformé les méthodes de travail et la publication des résultats scientifiques dans le domaine des sciences humaines et sociales (SHS). Dans ce contexte, le rôle de l'ingénieur(e) SHS est en pleine mutation, à la charnière des humanités et du numérique, voire du design. En pleine transformation des savoirs et des métiers, les profils de soutien à la recherche sont en effet brouillés, ont perdu leurs frontières disciplinaires et cherchent à se redéfinir, à se réinventer. Quels sont les acteurs impliqués dans des projets relevant du champ de humanités numériques ? Quel est le rôle de l'ingénieur SHS dans ce paysage en devenir ? Quelles compétences doit-il acquérir pour faire face au défi du numérique ? Quel pourrait être le profil type d'un ingénieur en « Humanités numériques » ? Quelques pistes de réflexion issues du travail effectué dans le cadre de l'Atelier Digit\_Hum « Humanités numériques et valorisation de corpus », axe transversal du CAPHÉS qui soutient scientifiquement et techniquement des projets d'éditions numériques portés par des équipes de l'École normale supérieure et organise des journées annuelles d'étude sur les humanités numériques en collaboration avec le labex TransferS. Parcours illustré par Saint-Oma qui dessine les acteurs de ce nouveau type de projets interdisciplinaires.},
  urldate = {2019-08-10},
  date = {2018-06},
  keywords = {ACTEURS,DIALOGUE,FORMATION,HYBRIDATION DES COMPETENCES,INGENIEUR,INTERFACE,STRUCTURATION},
  author = {Massot, Marie-Laure},
  file = {/Users/segolene/Zotero/storage/N9LZCEVJ/Massot - 2018 - Drawing actors in digital humanities.pdf},
  keywords = {numerique}
}

@online{clavertDesignDigitalHumanities,
  langid = {french},
  title = {Design \& Digital Humanities : le design comme méthode pour les Humanités Numériques ?},
  url = {https://tcp.hypotheses.org/849},
  shorttitle = {2DH — Design \& Digital Humanities},
  abstract = {Proposition d’atelier pour THATCamp Paris 2015 (9-­11 juin) par Stéphane Vial (Université de Nîmes, UMR ACTE 8218) et Yves Rinato (INTACTILE Design, U. de Nîmes) Présentation Au sens large, les Digital Humanities ou Humanités...},
  journaltitle = {THATCamp Paris},
  type = {Billet},
  urldate = {2019-08-10},
  author = {Clavert, Frédéric},
  file = {/Users/segolene/Zotero/storage/8XUC9VAA/849.html},
  keywords = {numerique}
}

@online{ReglementUE2016,
  title = {Règlement ({{UE}}) 2016/679 Du {{Parlement}} Européen et Du {{Conseil}} Du 27 Avril 2016},
  url = {https://www.cnil.fr/fr/reglement-europeen-protection-donnees},
  abstract = {Règlement relatif à la protection des personnes physiques à l'égard du traitement des données à caractère personnel et à la libre circulation de ces données, et abrogeant la directive 95/46/CE (règlement général sur la protection des données)},
  journaltitle = {CNIL – Règlement Général sur la Protection des Données},
  urldate = {2019-08-13},
  file = {/Users/segolene/Zotero/storage/NMWV5BZB/reglement-europeen-protection-donnees.html},
  keywords = {numerique}
}

@article{pouyllauDiffusionNumeriqueDonnees2018,
  langid = {french},
  title = {La diffusion numérique des données en SHS - Guide de bonnes pratiques éthiques et juridiques},
  url = {https://hal-amu.archives-ouvertes.fr/hal-01974527},
  abstract = {La très grande infrastructure de recherche Huma-Num (TGIR), créée en 2013 de la fusion des infrastructures de recherche Adonis et Corpus, propose à l’ensemble des communautés de recherche en Lettres, sciences humaines et science sociales (LSHS) un ensemble de services numériques interconnectés répondant aux principes d’ouvertures des données selon les principes dit FAIR (Findable, Accessible, Interoperable, Reusable). Ces services offrent la possibilité aux équipes universitaires et aux organismes de recherche de stocker, de traiter, de documenter, de diffuser et d’archiver leurs données de recherche. Les données de la recherche sont multiples dans les disciplines des LSHS et suivant que l’on soit historien, sociologue, ethnologue, archéologue, géographe, etc. les objets d’études seront évidemment différents. Ce qui est commun aujourd’hui c’est l’ampleur de la dimension numérique des dispositifs de collecte (de l’enquête sur les terrains, au dépouillement de fonds d’archives en passant par les relevés à l’aide de drones), de la façon d’organiser les corpus, de l’instrumentation d’analyse et enfin des façons d’envisager le partage des données, les chemins pour travailler les données sont multiples. Pour autant, les enjeux de stockage, de conservation, de traitement, d’accès et de partage des données de recherche sont transversaux et la gestion en « silos » disciplinaires est révolue.},
  journaltitle = {Presse Universitaires de Provence},
  urldate = {2019-08-13},
  date = {2018-10},
  author = {Pouyllau, Stéphane and Ginouvès, Véronique and Gras, Isabelle},
  file = {/Users/segolene/Zotero/storage/HWGJ26D2/Pouyllau - 2018 - Éditorial - La diffusion numérique des données en .pdf;/Users/segolene/Zotero/storage/A42EXX3F/hal-01974527.html},
  keywords = {numerique}
}

@online{hegaratApprendreVulgariser,
  langid = {french},
  title = {Apprendre à vulgariser ?},
  url = {https://devhist.hypotheses.org/3413},
  abstract = {Ce billet revient sur un entretien réalisé dans le cadre d’un travail de recherche post-doctorale et publié sur le carnet Patrimoine et télévision. J’y expose ses intentions, ce que l’entretien à mis à jour, et l’état de ma réflexion sur la vulgarisation historique. Les raisons d’un entretien Le projet de recherche sur lequel je travaille […]},
  journaltitle = {Devenir historien-ne},
  type = {Billet},
  urldate = {2019-08-16},
  author = {Hégarat, Thibault Le},
  file = {/Users/segolene/Zotero/storage/4GR2NBBC/3413.html},
  keywords = {numerique}
}

@inproceedings{janickeCloseDistantReading2015,
  title = {On {{Close}} and {{Distant Reading}} in {{Digital Humanities}}: {{A Survey}} and {{Future Challenges}}},
  shorttitle = {On {{Close}} and {{Distant Reading}} in {{Digital Humanities}}},
  abstract = {We present an overview of the last ten years of research on visualizations that support close and distant reading of textual data in the digital humanities. We look at various works published within both the visualization and digital humanities communities. We provide a taxonomy of applied methods for close and distant reading, and illustrate approaches that combine both reading techniques to provide a multifaceted view of the data. Furthermore, we list toolkits and potentially beneficial visualization approaches for research in the digital humanities. Finally, we summarize collaboration experiences when developing visualizations for close and distant reading, and give an outlook on future challenges in that research area.},
  booktitle = {{{EuroVis}}},
  date = {2015},
  keywords = {Community,Computer scientist,Digital humanities,Eurographics,Experience,List of toolkits,Mechatronics,Microsoft Outlook for Mac,Scientific Publication,Taxonomy (general),Text corpus},
  author = {Jänicke, Stefan and Franzini, Greta and Cheema, Muhammad Faisal and Scheuermann, Gerik},
  file = {/Users/segolene/Zotero/storage/Q2RD8368/Jänicke et al. - 2015 - On Close and Distant Reading in Digital Humanities.pdf},
  keywords = {numerique}
}

@online{ConceptArchivageNumerique,
  langid = {french},
  title = {Le concept d’archivage numérique pérenne | CINES},
  url = {https://www.cines.fr/archivage/un-concept-des-problematiques/le-concept-darchivage-numerique-perenne/},
  abstract = {Que recouvre exactement le terme d’archivage numérique pérenne ? En quoi est-ce vraiment différent de la sauvegarde sécurisée ? Dans le contexte informatique, le terme « archivage » recouvre aujourd’hui plusieurs sens. Disons donc rapidement ce que n’est pas ...},
  urldate = {2019-08-19},
  file = {/Users/segolene/Zotero/storage/FM3LV7QI/le-concept-darchivage-numerique-perenne.html},
  keywords = {numerique}
}


